@inproceedings{abesser2012,
  author = {J. Abe{\ss}er},
  title = {Automatic String Detection for Bass Guitar and Electric Guitar},
  booktitle = {From Sounds to Music and Emotions - 9th International Symposium, CMMR 2012},
  pages = {333-352},
  address = {London, UK},
  month = {June},
  year = {2012}
}
@inproceedings{barbanchoi2012,
  author = {I. Barbancho and L Tard{\'o}n and S. Sammartino and A. Barbancho},
  title = {Inharmonicity-based method for the automatic generation of guitar tablature},
  booktitle = {Proceedings of the IEEE Transactions on Audio, Speech, and Language Processing},
  pages = {1857-1868},
  month = {August},
  year = {2012}
}
@inproceedings{barbanchoa2012,
  author = {A. Barbancho and A. Klapuri and L. Tard{\'o}n and I. Barbancho},
  title = {Automatic transcription of guitar chords and fingering from audio},
  booktitle = {Proceedings of the IEEE Transactions on Speech and Language Processing},
  pages = {915-921},
  month = {March},
  year = {2012}
}
@inproceedings{barbancho2009,
  author = {I. Barbancho and A. Barbancho and L. Tard{\'o}n and S. Sammartino},
  title = {Pitch and Played String Estimation in Classic and Acoustic Guitars},
  booktitle = {Proceedings of the 126th Audio Engineering Society (AES) Convention},
  address = {Munich, Germany},
  year = {2009}
}
@article{bello2005,
  author = {J. Bello and L. Daudet and S. Abdallah and C. Duxbury and M. Davies and M. Sandler},
  title = {A Tutorial on Onset Detection in Music Signals},
  journal = {IEEE Transactions on Speech and Audio Processing},
  year = {2005},
  volume = {13},
  number = {5},
  pages = {1035-1047}
}
@inproceedings{burlet2013,
	author = {G. Burlet and I. Fujinaga},
	title = {Robotaba guitar tablature transcription framework},
	year = {2013},
	month = {November},
	booktitle = {Proceedings of the 14th International Society for Music Information Retrieval Conference},
}
@mastersthesis{burlet2015,
  author = {G. Burlet},
  title = {Guitar Tablature Transcription using a Deep Belief Network},
  school = {University of Alberta},
  address = {Canada},
  year = {2015}
}
@inproceedings{burns2006,
	author = {A. Burns and M. Wanderley,},
	title = {Visual methods for the retrieval of guitarist fingering},
	year = {2006},
	month = {June},
  address = {France},
	booktitle = {Proc. Conf. New Interfaces for Musical Expression},
  pages = {196-199}
}
@inproceedings{dittmar2013,
  author = {C. Dittmar and A. M{\"a}anchen and J. Abe{\ss}er},
  title = {Real-time guitar string detection for music education software},
  booktitle = {Proceedings of the 14th International Workshop on Image Analysis for Multimedia Interactive Services (WIAMIS)},
  year = {2013},
  pages = {1-4}
}
@inproceedings{dixon2006,
  author = {S. Dixon},
  title = {Onset Detection Revisited},
  booktitle = {Proceedings of the 9th International Conference on Digital Audio Effects (DAFx-06)},
  address = {Montreal, Canada},
  month = {September},
  year = {2006}
}
@article{faria2010,
  author = {S. Faria and G. Soromenho},
  title = {Fitting mixtures of linear regressions},
  journal = {Journal of Statistical Computation and Simulation},
  year = {2010},
  volume = {80},
  number = {2},
  pages = {201-225},
  month = {February}
}
@book{fletcher1998,
  author = {N. Fletcher and T. Rossing},
  title = {The Physics of Musical Instruments},
  publisher = {Springer-Verlag},
  year = {1998}
}
@article{fletcher1962,
  author = {H. Fletcher and E. Blackham and R. Stratton},
  title = {Quality of Piano Tones},
  journal = {Journal of the Acoustical Society of America},
  year = {1962},
  volume = {34},
  number = {6},
  pages = {749-761}
}
@inproceedings{galembo1979,
  author = {A. Galembo},
  title = {Method for objective evaluation of the sound quality in piano trebles (in Russian)},
  booktitle = {Proc. of 18th Acoust. Conf. of Czechoslovakia},
  page = {45-48},
  year = {1979}
}
@book{galembo1987,
  author = {A. Galembo},
  title = {The quality of piano tones (in Russian)},
  year = {1987},
  publisher = {Legkaya Industria Press},
  address = {Moscow}
}
@inproceedings{hrybyk2010,
  author = {A. Hrybyk and Y. Kim},
  title = {Combined Audio and Video for Guitar Chord Identification},
  booktitle = {Proc. of the 11th International Society for Music Information Retrieval (ISMIR)},
  address = {Utrecht, Netherlands},
  pages = {159-164},
  year = {2010}
}
@inproceedings{gagnon2003,
  author = {T. Gagnon and S. Larouche and R. Lefebvre},
  title = {A neural network approach for preclassification in musical chords recognition},
  booktitle = {Conf. Rec. 37th Asilomar Conf. Signals, Systems, Comput.},
  year = {2003},
  volume = {2},
  pages = {2106-2109}
}
@article{galembo1994,
  author = {A. Galembo and A. Askenfelt},
  title = {Measuring inharmonicity through pitch extraction},
  journal = {STL-QPSR},
  volume = {35},
  number = {1},
  year = {1994},
  pages = {135-144}
}
@article{galembo1999,
  author = {A. Galembo and A. Askenfelt},
  title = {Signal representation and estimation of spectral parameters by inharmonic comb filters with application to the piano},
  journal = {IEEE Transactions on Speech and Audio Processing},
  volume = {7},
  number = {2},
  year = {1999},
  month = {March}
  pages = {197-203},
}
@inproceedings{goto2003,
  author = {M. Goto and H. Hashiguchi and T. Nishimura and R. Oka},
  title = {R{W}{C} Music Database: Music Genre Database and Musical Instrument Sound Database},
  booktitle = {Proceedings of the 4th International Conference on Music Information Retrieval (ISMIR 2003)},
  pages = {229-230},
  month = {October},
  year = {2003}
}
@inproceedings{hodgkinson2009,
  author = {M. Hodgkinson and J. Wang and J. Timoney and V. Lazzarini},
  title = {Handling Inharmonic series with median-adjustive trajectories},
  booktitle = {Proc. of the 12th Int. Conference on Digital Audio Effects (DAFx-09)},
  month = {September},
  year = {2009},
  address ={Como, Italy}
}
@article{jarvelainen2003,
  author = {H. J{\"a}rvel{\"a}inen and V. V{\"a}lim{\"a}ki and T. Verma},
  title = {Perception and adjustment of pitch in inharmonic string instrument sounds},
  journal = {Journal of New Music Research},
  year = {2003},
  volume = {31},
  number = {4},
  pages = {311-319},
}
@inproceedings{kehling2014,
  author = {C. Kehling and J. Abe{\ss}er and C. Dittmar and G. Schuller},
  title = {AUTOMATIC TABLATURE TRANSCRIPTION OF ELECTRIC GUITAR RECORDINGS BY ESTIMATION OF SCORE- AND INSTRUMENT-RELATED PARAMETERS},
  booktitle = {Proc. of the 17th Int. Conference on Digital Audio Effects (DAFx-14)},
  month = {September},
  address = {Erlangen, Germany},
  year = {2014}
}
@inproceedings{kerd2007,
  author = {C. Kerdvibulvech and H. Saito},
  title = {Vision-based detection of guitar players’ fingertips without markers},
  booktitle = {Comput. Graph., Imag., Visualisat. (CGIV)},
  year = {2007},
  pages = {419-428}
}
@inproceedings{macrae2010,
  author = {R. Macrae and S. Dixon},
  title = {A guitar tablature score follower},
  booktitle = {Proc. Int. Conf. Multimedia Expo},
  pages = {725-726},
  year = {2010}
}
R. Macrae and S. Dixon, “,” in , Jul. 2010, pp. 725–726.
@inproceedings{maezawa2009,
  author = {A. Maezawa and K. Itoyama and T. Takahashi and T. Ogata and H.G. Okuno},
  title = {Bowed String Sequence Estimation of a Violin Based on Adaptive Audio Signal Classification and Context-Dependent Error Correction},
  booktitle = {Proc. of the 11th IEEE International Symposium on Multimedia (ISM 2009}},
  pages = {9-16},
  year = {2009}
}
@misc{matlab-robustfit,
  author = {{The MathWorks}},
  title = {{Least-Squares Fitting Documentation}},
  howpublished = {\url{http://www.mathworks.com/help/curvefit/least-squares-fitting.html}},
  year = {2017},
  month = {June}
}
@inproceedings{noll1969,
  author = {A. Noll},
  title = {Pitch Determination of Human Speech by the Harmonic Product Spectrum, the Harmonic Sum Spectrum, and a Maximum Likelihood Estimate},
  booktitle = {Computer Processing in Communications Proceedings},
  address = {New York, N.Y.},
  pages = {779-797},
  month = {April},
  year = {1969}
}
@INPROCEEDINGS{ng2001,
    author = {A. Ng and M. Jordan and Y. Weiss},
    title = {On Spectral Clustering: Analysis and an algorithm},
    booktitle = {Advances in Neural Information Processing Systems},
    year = {2001},
    pages = {849-856},
    publisher = {MIT Press}
}
@inproceedings{ogrady2009,
  author = {P. O'Grady and S. Rickard},
  title = {Automatic hexaphonic guitar transcription using non-negative constraints},
  booktitle = {Proc. IET Irish Signals Syst. Conf. (ISSC 2009)},
  pages = {1-6},
  address = {Dublin, Ireland}
  year = {2009}
}
@inproceedings{paleari2008,
  author = {M. Paleari and B. Huet and A. Schutz and D. Slock},
  title = {A multimodal approach to music transcription},
  booktitle = {Proc. 15th IEEE Int. Conf. Image Process (ICIP)},
  pages = {93-96},
  year = {2008}
}
@inproceedings{radicioni2005,
  author = {D. Radicioni and C. D. Scienza and V. Lombardo},
  title = {Guitar fingering for music performance},
  booktitle = {Proc. Int. Comput. Music Assoc.},
  year = {2005},
  pages = {527-530}
}
@inproceedings{radisav2004,
  author = {A. Radisavljevic and P. Driessen},
  title = {Path difference learning for guitar fingering problem},
  booktitle = {Proc. Int. Comput. Music Conf. (ICMC04)},
  year = {2004}
}
@article{rauhala2007,
  author = {J. Rauhala and H. M. Lehtonen and V. V{\"a}lim{\"a}ki},
  title = {Fast automatic inharmonicity estimation algorithm},
  journal = {Journal of the Acoustical Society of America},
  year = {2007},
  volume = {121},
  number = {5},
  pages = {184-189},
}
@article{sayegh1989,
  author = {S. Sayegh},
  title = {Fingering for string instruments with the optimum path paradigm},
  journal = {Computer Music Journal},
  year = {1989},
  volume = {13},
  number = {3},
  pages = {76-84}
}
@inproceedings{short2006,
  author = {K. Short and R. Garcia},
  title = {Signal Analysis using the Complex Spectral Phase Evolution {(CSPE)} Method},
  booktitle = {Audio Engineering Society 120th Convention},
  address = {Paris, France},
  year = {2006},
  month = {May}
}
@article{shi2000,
  author = {J. Shi and J. Malik},
  title = {Normalized cuts and image segmentation},
  journal = {IEEE Transactions on Pattern Analysis and Machine Intelligence},
  year = {2000},
  volume = {22},
  number = {8},
  month = {August},
  pages = {888-905}
}
@inproceedings{tuohy2006,
  author={D. Tuohy and W. D. Potter},
  title="Generating Guitar Tablature with {LHF} Notation Via {DGA} and {ANN}",
  booktitle={Advances in Applied Artificial Intelligence: 19th International Conference on Industrial, Engineering and Other Applications of Applied Intelligent Systems, {IEA/AIE} 2006, Annecy, France, June 27-30, 2006, Proceedings},
  year="2006",
  pages={244-253},
}
@inproceedings{yazawa2013,
  author = {K. Yazawa and D. Sakaue and K. Nagira and K. Itoyama and H. Okuno},
  title = {Audio-based Guitar Tablature Transcription using Multipitch Analysis and Playability Constraints},
  booktitle = {Proceedings of the International Conference on Acoustics, Speech, and Signal Processing},
  pages = {196-200},
  year = {2013}
}
