@inproceedings{abesser2012,
  author = {J. Abe{\ss}er},
  title = {Automatic String Detection for Bass Guitar and Electric Guitar},
  booktitle = {From Sounds to Music and Emotions - 9th International Symposium, CMMR 2012},
  pages = {333-352},
  address = {London, UK},
  month = {June},
  year = {2012}
}
@inproceedings{barbanchoi2012,
  author = {I. Barbancho and L Tard{\'o}n and S. Sammartino and A. Barbancho},
  title = {Inharmonicity-based method for the automatic generation of guitar tablature},
  booktitle = {Proceedings of the IEEE Transactions on Audio, Speech, and Language Processing},
  pages = {1857-1868},
  month = {August},
  year = {2012}
}
@inproceedings{barbanchoa2012,
  author = {A. Barbancho and A. Klapuri and L. Tard{\'o}n and Isabel Barbancho},
  title = {Automatic transcription of guitar chords and fingering from audio},
  booktitle = {Proceedings of the IEEE Transactions on Speech and Language Processing},
  pages = {915-921},
  month = {March},
  year = {2012}
}
@inproceedings{barbancho2009,
  author = {I. Barbancho and A. Barbancho and L. Tard{\'o}n and S. Sammartino},
  title = {Pitch and Played String Estimation in Classic and Acoustic Guitars},
  booktitle = {Proceedings of the 126th Audio Engineering Society (AES) Convention},
  address = {Munich, Germany},
  year = {2009}
}
@article{bello2005,
  author = {J. Bello and L. Daudet and S. Abdallah and C. Duxbury and M. Davies and M. Sandler},
  title = {A Tutorial on Onset Detection in Music Signals},
  journal = {IEEE Transactions on Speech and Audio Processing},
  year = {2005},
  volume = {13},
  number = {5},
  pages = {1035-1047}
}
@inproceedings{dittmar2013,
  author = {C. Dittmar and A. M{\"a}anchen and J. Abe{\ss}er},
  title = {Real-time guitar string detection for music education software},
  booktitle = {Proceedings of the 14th International Workshop on Image Analysis for Multimedia Interactive Services (WIAMIS)},
  year = {2013},
  pages = {1-4}
}
@inproceedings{dixon2006,
  author = {S. Dixon},
  title = {Onset Detection Revisited},
  booktitle = {Proceedings of the 9th International Conference on Digital Audio Effects (DAFx-06)},
  address = {Montreal, Canada},
  month = {September},
  year = {2006}
}
@article{faria2010,
  author = {S. Faria and G. Soromenho},
  title = {Fitting mixtures of linear regressions},
  journal = {Journal of Statistical Computation and Simulation},
  year = {2010},
  volume = {80},
  number = {2},
  pages = {201-225},
  month = {February}
}
@book{fletcher1998,
  author = {N. Fletcher and T. Rossing},
  title = {The Physics of Musical Instruments},
  publisher = {Springer-Verlag},
  year = {1998}
}
@article{fletcher1962,
  author = {H. Fletcher and E. Blackham and R. Stratton},
  title = {Quality of Piano Tones},
  journal = {Journal of the Acoustical Society of America},
  year = {1962},
  volume = {34},
  number = {6},
  pages = {749-761}
}
@inproceedings{hrybyk2010,
  author = {A. Hrybyk and Y. Kim},
  title = {Combined Audio and Video for Guitar Chord Identification},
  booktitle = {Proc. of the 11th International Society for Music Information Retrieval (ISMIR)},
  address = {Utrecht, Netherlands},
  pages = {159-164},
  year = {2010}
}
@article{galembo1994
  author = {A. Galembo and A. Askenfelt},
  title = {Measuring inharmonicity through pitch extraction},
  journal = {STL-QPSR},
  volume = {35},
  number = {1},
  year = {1994},
  pages = {135-144}
}
@article{galembo1999
  author = {Alexander Galembo and Anders Askenfelt},
  journal = {IEEE Transactions on Speech and Audio Processing},
  volume = {7},
  number = {2},
  year = {1999},
  month = {March}
  pages = {197-203},
}
@inproceedings{goto2003,
  author = {M. Goto and H. Hashiguchi and T. Nishimura and R. Oka},
  title = {R{W}{C} Music Database: Music Genre Database and Musical Instrument Sound Database},
  booktitle = {Proceedings of the 4th International Conference on Music Information Retrieval (ISMIR 2003)},
  pages = {229-230},
  month = {October},
  year = {2003}
}
@article{jarvelainen2003,
  author = {H. J{\"a}rvel{\"a}inen and V. V{\"a}lim{\"a}ki and T. Verma},
  title = {Perception and adjustment of pitch in inharmonic string instrument sounds},
  journal = {Journal of New Music Research},
  year = {2003},
  volume = {31},
  number = {4},
  pages = {311-319},
}
@inproceedings{kehling2014,
  author = {C. Kehling and J. Abe{\ss}er and C. Dittmar and G. Schuller},
  title = {AUTOMATIC TABLATURE TRANSCRIPTION OF ELECTRIC GUITAR RECORDINGS BY ESTIMATION OF SCORE- AND INSTRUMENT-RELATED PARAMETERS},
  booktitle = {Proc. of the 17th Int. Conference on Digital Audio Effects (DAFx-14)},
  month = {September},
  address = {Erlangen, Germany},
  year = {2014}
}
@inproceedings{maezawa2009,
  author = {A. Maezawa and K. Itoyama and T. Takahashi and T. Ogata and H.G. Okuno},
  title = {Bowed String Sequence Estimation of a Violin Based on Adaptive Audio Signal Classification and Context-Dependent Error Correction},
  booktitle = {Proc. of the 11th IEEE International Symposium on Multimedia (ISM 2009}},
  pages = {9-16},
  year = {2009}
}
@inproceedings{noll1969,
  author = {A. Noll},
  title = {Pitch Determination of Human Speech by the Harmonic Product Spectrum, the Harmonic Sum Spectrum, and a Maximum Likelihood Estimate},
  booktitle = {Computer Processing in Communications Proceedings},
  address = {New York, N.Y.},
  pages = {779-797},
  month = {April},
  year = {1969}
}
@INPROCEEDINGS{ng2001,
    author = {A. Ng and M. Jordan and Y. Weiss},
    title = {On Spectral Clustering: Analysis and an algorithm},
    booktitle = {Advances in Neural Information Processing Systems},
    year = {2001},
    pages = {849-856},
    publisher = {MIT Press}
}
@inproceedings{ogrady2009,
  author = {P. O'Grady and S. Rickard},
  title = {Automatic hexaphonic guitar transcription using non-negative constraints},
  booktitle = {Proc. IET Irish Signals Syst. Conf. (ISSC 2009)},
  pages = {1-6},
  address = {Dublin, Ireland}
  year = {2009}
}
@article{shi2000,
  author = {J. Shi and J. Malik},
  title = {Normalized cuts and image segmentation},
  journal = {IEEE Transactions on Pattern Analysis and Machine Intelligence},
  year = {2000},
  volume = {22},
  number = {8},
  month = {August},
  pages = {888-905}
}
